@inproceedings {sff-foci2014,
author = {Aaron Segal and Bryan Ford and Joan Feigenbaum},
title = {\href{https://www.usenix.org/conference/foci14/workshop-program/presentation/segal}{Catching Bandits and Only Bandits: Privacy-Preserving Intersection Warrants for Lawful Surveillance}},
booktitle = {4th USENIX Workshop on Free and Open Communications on the Internet (FOCI 14)},
year = 2014,
month = AUG,
address = {San Diego, CA},
url = {https://www.usenix.org/conference/foci14/workshop-program/presentation/segal},
publisher = {USENIX Association},
}

@article{ anderson13cell,
	author = {Nate Anderson},
	title = {\href{http://arstechnica.com/tech-policy/2013/08/how-cell-tower-dumps-caught-the-high-country-bandits-and-why-it-matters/}{How ``cell tower dumps'' caught the {High Country Bandits}---and why it matters}},
	journal = {arstechnica},
	month = aug # "~29,",
	year = 2013,
	day = 29,
}


@article{techdirt,
	author={Tim Cushing},
	title = {\href{https://www.techdirt.com/articles/20140629/16130227727/nsa-appears-to-be-chaining-calls-using-phone-numbers-one-hop-out-as-new-originating-selectors.shtml}{{NSA} Appears To Be Chaining Calls Using Phone Numbers One Hop Out As New Originating Selectors}},
	journal={Techdirt},
	year = 2014,
	month = jul # {~3,},
}

@article{bieber-penn2002,
	author = {Meredith A. Bieber},
	title = {Meeting the Statute or Beating It:
			Using {John Doe} Indictments Based on {DNA}
			to Meet the Statute of Limitations},
	journal = {University of Pennsylvania Law Review},
	year = 2002,
	volume = 150,
	number = 3,
	pages = {1079-1098},
}


@inproceedings{verdict,
 author = {Henry Corrigan-Gibbs and David Isaac Wolinsky and Bryan Ford},
 title = {Proactively Accountable Anonymous Messaging in {Verdict}},
 booktitle = {Proc. of USENIX Security},
 year = {2013},
 month = AUG
}

@inproceedings{dissent,
 author = {Henry Corrigan-Gibbs and Bryan Ford},
 title = {Dissent: Accountable Anonymous Group Messaging},
 booktitle = {Proc. of ACM Conference on Computer and Communications Security},
 month = OCT,
 year = 2010
}

@misc{snapnets,
  author       = {Jure Leskovec and Andrej Krevl},
  title        = {{SNAP Datasets}: {Stanford} Large Network Dataset Collection},
  howpublished = {\url{http://snap.stanford.edu/data}},
  month        = JUN,
  year         = 2014,
}

@misc{sff-TR,
  author       = {Aaron Segal and Joan Feigenbaum and Bryan Ford},
  title        = {Open, privacy-preserving protocols for lawful surveillance},
  howpublished = {\url{http://arxiv.org/abs/1607.03659}},
  month	       = JUL,
  year         = 2016,
}

@article{mobiforge,
	author={{mobiThinking}},
	title = {\href{https://mobiforge.com/research-analysis/global-mobile-statistics-2014-part-a-mobile-subscribers-handset-market-share-mobile-operators\#topmnos}{Global mobile statistics 2014 Part {A}: Mobile subscribers; handset market share; mobile operators}},
	journal={{mobiForge}},
	year = 2014,
	month = may # {~16,},
}

@inproceedings{pgfw-scn2014,
	author = {Jason Perry and Debayan Gupta and Joan Feigenbaum and Rebecca N. Wright},
	title = {Systematizing Secure Computation for Research and Decision Support},
	booktitle = {9th Conference on Security and Cryptography for Networks},
	year = 2014,
	month = sep,
}

@inbook{ay2008,
	author = {Charu C. Aggarwal and Philip S. Yu},
	title = {Privacy-Presevering Data Mining},
	chapter = 2,
	pages = {11-52},
	publisher = {Springer US},
	year = 2008,
}

@inproceedings{kamara,
	author = {Seny Kamara},
	title = {Restructuring the {NSA} Metadata Program},
	booktitle = {Workshop on Applied Homomorphic Cryptography (WAHC '14)},
	year = 2014,
	month = mar,
}

@misc{kroll,
	author = {Joshua A. Kroll and Edward W. Felten and Dan Boneh},
	title = {Secure protocols for accountable warrant execution},
	howpublished={\url{https://freedom-to-tinker.com/blog/felten/secure-protocols-for-accountable-warrant-execution/}},
	month = apr,
	year = 2014,
}

@article{krwy-pnas16,
	author = {Kearns, Michael and Roth, Aaron and Wu, Zhiwei Steven and Yaroslavtsev, Grigory}, 
	title = {Private algorithms for the protected in social network search},
	volume = {113}, 
	number = {4}, 
	pages = {913-918}, 
	year = {2016}, 
	journal = {Proceedings of the National Academy of Sciences} 
}

@article{elgamal,
  author    = {Taher ElGamal},
  title     = {A public key cryptosystem and a signature scheme based on discrete logarithms},
  journal   = {IEEE Transactions on Information Theory},
  volume    = {31},
  number    = {4},
  year      = {1985},
  pages     = {469-472}
}

@article{pohlighellman,
  author = {Stephen C. Pohlig and
            Martin E. Hellman},
  title  = {An improved algorithm for computing logarithms over
            {GF(p)} and its cryptographic significance (Corresp.)},
  journal = {IEEE Transactions on Information Theory},
  volume = {24},
  number = {1},
  year = {1978},
  pages = {106-110}
}
